@MISC{CamaraNeto2011,
  author = {Vilar {da Camara Neto}},
  title = {A classe ppgccufmg},
  url = {http://vilarneto.com/ppgccufmg},
  year = {2011}
}

@MISC{Moro2012,
  author = {Mirella Moura Moro},
  title = {Como organizar sua tese ou dissertação},
  url = {http://homepages.dcc.ufmg.br/~mirella/pdf/monografia.pdf},
  year = {2012}
}

@MANUAL{SisbiUnipampa2011,
	title = {Manual de normalização de trabalhos acadêmicos: conforme normas da ABNT},
	editor = {Cátia Rosana Lemos de Ara\'ujo and Cristiane Pereira Macie and Dilva Carvalho Marques},
	organization = {Sistema de Bibliotecas da Universidade Federal do Pampa -- UNIPAMPA},
	year = {2011},
	url = {http://porteiras.r.unipampa.edu.br/portais/sisbi/files/2012/09/MANUAL-vers%C3%A3o2011.pdf}
}

@techreport{Kitchenham:2007,
  author = {Kitchenham, Barbara and Charters, Stuart},
  biburl = {https://www.bibsonomy.org/bibtex/227b256010a48688388374cf83b619b54/msn},
  id = {3955888},
  institution = {Keele University and Durham University Joint Report},
  interhash = {aed0229656ada843d3e3f24e5e5c9eb9},
  intrahash = {27b256010a48688388374cf83b619b54},
  keywords = {research.cs.softeng research.support},
  number = {EBSE 2007-001},
  priority = {2},
  timestamp = {2010-10-18T14:00:32.000+0200},
  title = {Guidelines for performing Systematic Literature Reviews in Software Engineering},
  year = 2007
}

@article{Kitchenham:2011,
 author = {Kitchenham, Barbara A. and Budgen, David and Pearl Brereton, O.},
 title = {Using Mapping Studies As the Basis for Further Research - A Participant-observer Case Study},
 journal = {Inf. Softw. Technol.},
 issue_date = {June, 2011},
 volume = {53},
 number = {6},
 month = jun,
 year = {2011},
 issn = {0950-5849},
 pages = {638--651},
 numpages = {14},
 publisher = {Butterworth-Heinemann},
 address = {Newton, MA, USA},
}

@book{Wexelblat:1978,
 editor = {Wexelblat, Richard L.},
 title = {History of Programming Languages},
 year = {1981},
 publisher = {ACM},
 address = {New York, NY, USA},
} 

@book{Nardi:1993,
 author = {Nardi, Bonnie A.},
 title = {A  Small Matter of Programming: Perspectives on End User Computing},
 year = {1993},
 edition = {1st},
 publisher = {MIT Press},
 address = {Cambridge, MA, USA},
} 

@book{Bergin:1996,
 editor = {Bergin,Jr., Thomas J. and Gibson,Jr., Richard G.},
 title = {History of Programming languages---II},
 year = {1996},
 publisher = {ACM},
 address = {New York, NY, USA},
} 

@book{Fowler:2010,
 author = {Fowler, Martin},
 title = {Domain Specific Languages},
 year = {2010},
 edition = {1st},
 publisher = {Addison-Wesley Professional},
} 

@article{Fowler:2005,
  author = {Fowler, Martin},
  description = {Language Workbenches: The Killer-App for Domain Specific Languages?},
  keywords = {domain dsl fowler imported programming workbench},
  title = {Language Workbenches: The Killer-App for Domain Specific Languages?},
  url = {http://www.martinfowler.com/articles/languageWorkbench.html},
  year = 2005
}


@inproceedings{Backus:1959,
  added-at = {2002-01-03T00:00:00.000+0100},
  author = {Backus, John W.},
  booktitle = {IFIP Congress},
  date = {2002-01-03},
  description = {dblp},
  interhash = {1a6b9bfef4927677fb04602f26d3ed82},
  intrahash = {4b7c6cb9169134e6f628a8c6d0c8e757},
  keywords = {dblp},
  pages = {125-131},
  timestamp = {2002-01-03T00:00:00.000+0100},
  title = {The syntax and semantics of the proposed international algebraic language of the Zurich ACM-GAMM Conference.},
  url = {http://dblp.uni-trier.de/db/conf/ifip/ifip1959.html#Backus59},
  year = 1959
}

@incollection{Ross:1978,
 author = {Ross, Douglas T.},
 chapter = {Origins of the APT Language for Automatically Programmed Tools},
 title = {History of Programming Languages},
 editor = {Wexelblat, Richard L.},
 year = {1981},
 pages = {279--338},
 numpages = {60},
 url = {http://doi.acm.org/10.1145/800025.1198374},
 doi = {10.1145/800025.1198374},
 acmid = {1198374},
 publisher = {ACM},
 address = {New York, NY, USA},
} 


@article{Mernik:2005,
 author = {Mernik, Marjan and Heering, Jan and Sloane, Anthony M.},
 title = {When and How to Develop Domain-specific Languages},
 journal = {ACM Comput. Surv.},
 issue_date = {December 2005},
 volume = {37},
 number = {4},
 month = dec,
 year = {2005},
 pages = {316--344},
 numpages = {29},
 url = {http://doi.acm.org/10.1145/1118890.1118892},
 doi = {10.1145/1118890.1118892},
 acmid = {1118892},
 publisher = {ACM},
 address = {New York, NY, USA},
 keywords = {Domain-specific language, application language, domain analysis, language development system},
} 


@book{Martin:1982,
 author = {Martin, James},
 title = {Application Development Without Programmers},
 year = {1982},
 publisher = {Prentice Hall PTR},
 address = {Upper Saddle River, NJ, USA},
} 

@article{Sammet:1972,
 author = {Sammet, Jean E.},
 title = {Programming Languages: History and Future},
 journal = {Commun. ACM},
 issue_date = {July 1972},
 volume = {15},
 number = {7},
 month = jul,
 year = {1972},
 pages = {601--610},
 numpages = {10},
 url = {http://doi.acm.org/10.1145/361454.361485},
 doi = {10.1145/361454.361485},
 acmid = {361485},
 publisher = {ACM},
 address = {New York, NY, USA},
 keywords = {future directions, high level languages, history, language interrelationships, languages, programming language future, programming language history, programming language tree, programming languages},
} 

@INPROCEEDINGS{Bailey:2007, 
author={J. {Bailey} and D. {Budgen} and M. {Turner} and B. {Kitchenham} and P. {Brereton} and S. {Linkman}}, 
booktitle={First International Symposium on Empirical Software Engineering and Measurement (ESEM 2007)}, 
title={Evidence relating to Object-Oriented software design: A survey}, 
year={2007}, 
volume={}, 
number={}, 
pages={482-484}, 
keywords={object-oriented programming;software engineering;software metrics;object-oriented paradigm;software design;software metrics;Software design;Protocols;Data mining;Quality assessment;Software engineering;Software measurement;Computer science;Mathematics;Performance analysis;Computer languages}, 
doi={10.1109/ESEM.2007.58}, 
month={Sep.},}

@article{vanDeursen:2000,
 author = {van Deursen, Arie and Klint, Paul and Visser, Joost},
 title = {Domain-specific Languages: An Annotated Bibliography},
 journal = {SIGPLAN Not.},
 issue_date = {June 2000},
 volume = {35},
 number = {6},
 month = jun,
 year = {2000},
 pages = {26--36},
 numpages = {11},
 url = {http://doi.acm.org/10.1145/352029.352035},
 doi = {10.1145/352029.352035},
 acmid = {352035},
 publisher = {ACM},
 address = {New York, NY, USA},
} 

@book{Nakagawa:2017,
  title={Revis{\~a}o Sistem{\'a}tica da Literatura em Engenharia de Software: Teoria e Pr{\'a}tica},
  author={Nakagawa, E.Y. and Scannavino, K.R.F. and Fabbri, S.C.P.F. and Ferrari, F.C.},
  year={2017},
  publisher={Elsevier Editora Ltda.}
}

@inproceedings{Petersen:2008,
  title={Systematic Mapping Studies in Software Engineering.},
  author={Petersen, Kai and Feldt, Robert and Mujtaba, Shahid and Mattsson, Michael},
  booktitle={EASE},
  volume={8},
  pages={68--77},
  year={2008}
}

@book{Heuser:2009,
  title={Projeto de banco de dados : Volume 4 da S{\'e}rie Livros did{\'a}ticos inform{\'a}tica UFRGS},
  author={Heuser, C.A.},
  series={Livros did{\'a}ticos inform{\'a}tica UFRGS},
  year={2009},
  publisher={Bookman}
}

@book{Date:2004,
  title={Introdu{\c{c}}{\~a}o a sistemas de bancos de dados},
  author={Date, C.J.},
  year={2004},
  publisher={ELSEVIER EDITORA}
}

@inproceedings{Chamberlin:1974,
 author = {Chamberlin, Donald D. and Boyce, Raymond F.},
 title = {SEQUEL: A Structured English Query Language},
 booktitle = {Proceedings of the 1974 ACM SIGFIDET (Now SIGMOD) Workshop on Data Description, Access and Control},
 series = {SIGFIDET '74},
 year = {1974},
 location = {Ann Arbor, Michigan},
 pages = {249--264},
 numpages = {16},
 acmid = {811515},
 publisher = {ACM},
 address = {New York, NY, USA},
 keywords = {Data Base Management Systems, Data Manipulation Languages, Information Retrieval, Query Languages},
} 

@article{DBLP:1975, 
author = {ANSI, American National Standards Institute},
title = {Interim Report: {ANSI/X3/SPARC} Study Group on Data Base Management Systems 75-02-08}, 
journal = {{FDT} - Bulletin of {ACM} {SIGMOD}}, 
volume = {7}, 
number = {2}, 
pages = {1--140}, 
year = {1975}
}

@article{Chen:1976,
 author = {Chen, Peter Pin-Shan},
 title = {The Entity-relationship Model\&Mdash;Toward a Unified View of Data},
 journal = {ACM Trans. Database Syst.},
 issue_date = {March 1976},
 volume = {1},
 number = {1},
 month = mar,
 year = {1976},
 pages = {9--36},
 numpages = {28},
 acmid = {320440},
 publisher = {ACM},
 address = {New York, NY, USA},
 keywords = {Data Base Task Group, data definition and manipulation, data integrity and consistency, data models, database design, entity set model, entity-relationship model, logigcal view of data, network model, relational model, semantics of data},
} 

@book{Cougo:2013,
  title={Modelagem conceitual e projeto de banco de dados},
  author={Cougo, P.},
  year={2013},
  publisher={Elsevier Editora Ltda.}
}

@book{West:2011,
  title={Developing High Quality Data Models},
  author={West, M.},
  year={2011},
  publisher={Elsevier Science}
}

@article{Peffers:2007,
 author = {Peffers, Ken and Tuunanen, Tuure and Rothenberger, Marcus and Chatterjee, Samir},
 title = {A Design Science Research Methodology for Information Systems Research},
 journal = {J. Manage. Inf. Syst.},
 issue_date = {Number 3 / Winter 2007-2008},
 volume = {24},
 number = {3},
 month = dec,
 year = {2007},
 pages = {45--77},
 numpages = {33},
 publisher = {M. E. Sharpe, Inc.},
 address = {Armonk, NY, USA},
} 

@inproceedings{Celikovic:2014,
  author    = {Milan Celikovic and
               Vladimir Dimitrieski and
               Slavica Aleksic and
               Sonja Ristic and
               Ivan Lukovic},
  title     = {A {DSL} for {EER} Data Model Specification},
  booktitle = {Information Systems Development: Transforming Organisations and Society
               through Information Systems - Proceedings of the 23rd International
               Conference on Information Systems Development, {ISD} 2014, Vara{\v{z}}din,
               Croatia, September 2-4, 2014},
  year      = {2014},
}

@inproceedings{Tian:2006,
 author = {Tian, Hao and Sunderraman, Rajshekhar and Calin-Jageman, Robert and Yang, Hong and Zhu, Ying and Katz, Paul S.},
 title = {NeuroQL: A Domain-specific Query Language for Neuroscience Data},
 booktitle = {Proceedings of the 2006 International Conference on Current Trends in Database Technology},
 series = {EDBT'06},
 year = {2006},
 location = {Munich, Germany},
 pages = {613--624},
 numpages = {12},
 url = {http://dx.doi.org/10.1007/11896548_46},
 doi = {10.1007/11896548_46},
 acmid = {2166188},
 publisher = {Springer-Verlag},
 address = {Berlin, Heidelberg},
} 

@article{Shipman:1981,
 author = {Shipman, David W.},
 title = {The Functional Data Model and the Data Languages DAPLEX},
 journal = {ACM Trans. Database Syst.},
 issue_date = {March 1981},
 volume = {6},
 number = {1},
 month = mar,
 year = {1981},
 pages = {140--173},
 numpages = {34},
 url = {http://doi.acm.org/10.1145/319540.319561},
 doi = {10.1145/319540.319561},
 acmid = {319561},
 publisher = {ACM},
 address = {New York, NY, USA},
 keywords = {database, functional data model, language},
} 

@article{Mazairac:2013,
 author = {Mazairac, Wiet and Beetz, Jakob},
 title = {BIMQL - An Open Query Language for Building Information Models},
 journal = {Adv. Eng. Inform.},
 issue_date = {October, 2013},
 volume = {27},
 number = {4},
 month = oct,
 year = {2013},
 pages = {444--456},
 numpages = {13},
 url = {http://dx.doi.org/10.1016/j.aei.2013.06.001},
 doi = {10.1016/j.aei.2013.06.001},
 acmid = {2561208},
 publisher = {Elsevier Science Publishers B. V.},
 address = {Amsterdam, The Netherlands, The Netherlands},
 keywords = {BIM, BIMQL, Building information model server, Domain Specific Language, IFC, Query Language},
}

@article{Dimitrieski:2015,
 author = {Dimitrieski, Vladimir and \v{C}elikovi\'{c}, Milan and Aleksi\'{c}, Slavica and Risti\'{c}, Sonja and Alargt, Abdalla and Lukovi\'{c}, Ivan},
 title = {Concepts and Evaluation of the Extended Entity-relationship Approach to Database Design in a Multi-paradigm Information System Modeling Tool},
 journal = {Comput. Lang. Syst. Struct.},
 issue_date = {December 2015},
 volume = {44},
 number = {PC},
 month = dec,
 year = {2015},
 pages = {299--318},
 numpages = {20},
 acmid = {2852433},
 publisher = {Elsevier Science Publishers B. V.},
 address = {Amsterdam, The Netherlands},
} 

@article{Ayadi:2016,
  author    = {Mouhamed Gaith Ayadi and
               Riadh Bouslimi and
               Jalel Akaichi},
  title     = {A framework for medical and health care databases and data warehouses
               conceptual modeling support},
  journal   = {NetMAHIB},
  volume    = {5},
  number    = {1},
  pages     = {13},
  year      = {2016}
}
@article{Jagannathan:1988,
 author = {Jagannathan, D. and Fritchman, B. L. and Guck, R. L. and Thompson, J. P. and Tolbert, D. M.},
 title = {SIM: A Database System Based on the Semantic Data Model},
 journal = {SIGMOD Rec.},
 issue_date = {June 1988},
 volume = {17},
 number = {3},
 month = jun,
 year = {1988},
 pages = {46--55},
 numpages = {10},
 acmid = {50207},
 publisher = {ACM},
 address = {New York, NY, USA},
} 

@article{Hammer:1981,
 author = {Hammer, Michael and Mc Leod, Dennis},
 title = {Database Description with SDM: A Semantic Database Model},
 journal = {ACM Trans. Database Syst.},
 issue_date = {Sept. 1981},
 volume = {6},
 number = {3},
 month = sep,
 year = {1981},
 pages = {351--386},
 numpages = {36},
 acmid = {319588},
 publisher = {ACM},
 address = {New York, NY, USA},
 keywords = {database definition, database management, database modeling, database models, database semantics, logical database design},
} 

@article{Litwin:1989,
 author = {Litwin, W. and Abdellatif, A. and Zeroual, A and Nicolas, B. and Vigier, Ph.},
 title = {MSQL: A Multidatabase Language},
 journal = {Inf. Sci.},
 issue_date = {Oct.-Dec. 1989},
 volume = {49},
 number = {1-3},
 month = oct,
 year = {1989},
 pages = {59--101},
 numpages = {43},
 acmid = {73445},
 publisher = {Elsevier Science Inc.},
 address = {New York, NY, USA},
} 

@inproceedings{Kersten:2011,
 author = {Kersten, M. and Zhang, Y. and Ivanova, M. and Nes, N.},
 title = {SciQL, a Query Language for Science Applications},
 booktitle = {Proceedings of the EDBT/ICDT 2011 Workshop on Array Databases},
 series = {AD '11},
 year = {2011},
 location = {Uppsala, Sweden},
 pages = {1--12},
 numpages = {12},
 acmid = {1966896},
 publisher = {ACM},
 address = {New York, NY, USA},
} 

@inproceedings{Vagner:2018,
 author = {V\'{a}gner, Anik\'{o}},
 title = {Store and Visualize EER in Neo4J},
 booktitle = {Proceedings of the 2Nd International Symposium on Computer Science and Intelligent Control},
 series = {ISCSIC '18},
 year = {2018},
 location = {Stockholm, Sweden},
 pages = {54:1--54:6},
 articleno = {54},
 numpages = {6},
 acmid = {3284694},
 publisher = {ACM},
 address = {New York, NY, USA},
 keywords = {Database Modeling, Enhanced Entity-Relationship (EER) Model, Graph Database},
} 

@article{Bogdanova:2019,
  author    = {Daria Bogdanova and
               Monique Snoeck},
  title     = {CaMeLOT: An educational framework for conceptual data modelling},
  journal   = {Information {\&} Software Technology},
  volume    = {110},
  pages     = {92--107},
  year      = {2019}
}

@article{Ribic:2018,
  author    = {Samir Ribic and
               Razija Turcinhodzic and
               Amela Muratovic{-}Ribic and
               Tomaz Kosar},
  title     = {{REDOSPLAT:} {A} readable domain-specific language for timetabling
               requirements definition},
  journal   = {Computer Languages, Systems {\&} Structures},
  volume    = {54},
  pages     = {252--272},
  year      = {2018}
}

@inproceedings{Morgan:2018,
  author    = {Rebecca Morgan and
               Georg Grossmann and
               Michael Schrefl and
               Markus Stumptner and
               Timothy Payne},
  title     = {VizDSL: {A} Visual {DSL} for Interactive Information Visualization},
  booktitle = {CAiSE},
  series    = {Lecture Notes in Computer Science},
  volume    = {10816},
  pages     = {440--455},
  publisher = {Springer},
  year      = {2018}
}

@inproceedings{Karakonda:1990,
 author = {Karakonda, Sree R. K.},
 title = {An Entity-relationship Approach to the Implementation of Frame-based Systems},
 booktitle = {Proceedings of the 1990 ACM SIGBDP Conference on Trends and Directions in Expert Systems},
 series = {SIGBDP '90},
 year = {1990},
 location = {Orlando, Florida, USA},
 pages = {651--660},
 numpages = {10},
 acmid = {97760},
 publisher = {ACM},
 address = {New York, NY, USA},
} 

@article{Zhang:2016,
  author    = {Fu Zhang and
               Z. M. Ma and
               Jingwei Cheng},
  title     = {Enhanced entity-relationship modeling with description logic},
  journal   = {Knowl.-Based Syst.},
  volume    = {93},
  pages     = {12--32},
  year      = {2016}
}

@inproceedings{Schuler:2018,
 author = {Schuler, Robert E. and Kesselman, Carl},
 title = {Towards an Efficient and Effective Framework for the Evolution of Scientific Databases},
 booktitle = {Proceedings of the 30th International Conference on Scientific and Statistical Database Management},
 series = {SSDBM '18},
 year = {2018},
 location = {Bozen-Bolzano, Italy},
 pages = {27:1--27:4},
 articleno = {27},
 numpages = {4},
 acmid = {3221300},
 publisher = {ACM},
 address = {New York, NY, USA},
 keywords = {database evolution, relational algebra, schema evolution, scientific data management},
} 

@article{Schmidt:2006,
 author = {Schmidt, Douglas C.},
 title = {Guest Editor's Introduction: Model-Driven Engineering},
 journal = {Computer},
 issue_date = {February 2006},
 volume = {39},
 number = {2},
 month = feb,
 year = {2006},
 pages = {25--31},
 numpages = {7},
 acmid = {1115706},
 publisher = {IEEE Computer Society Press},
 address = {Los Alamitos, CA, USA},
 } 
 
 @book{Sommerville:2011,
  title={Engenharia de software},
  author={Sommerville, I.},
  year={2011},
  publisher={PEARSON BRASIL}
}

@book{Martelli:2018,
  title={Modelagem e banco de dados},
  author={Martelli, R. and Filho, O.V.S. and de Lima Cabral, A.},
  series={Inform{\'a}tica},
  year={2018},
  publisher={Editora Senac S{\~a}o Paulo}
}

@book{Bailer:2009,
  title={Scientific Models in Philosophy of Science},
  author={Bailer-Jones, D.M.},
  lccn={2009013157},
  url={https://books.google.com.br/books?id=avur50J7UecC},
  year={2009},
  publisher={University of Pittsburgh Press}
}

@book{MS:2013,
 author = {Information Resources Management Association},
 title = {Software Design and Development: Concepts, Methodologies, Tools, and Applications},
 year = {2013},
 edition = {1st},
 publisher = {IGI Global},
 address = {Hershey, PA, USA},
} 

@book{Brambilla:2017,
  author    = {Marco Brambilla and
               Jordi Cabot and
               Manuel Wimmer},
  title     = {Model-Driven Software Engineering in Practice, Second Edition},
  series    = {Synthesis Lectures on Software Engineering},
  publisher = {Morgan {\&} Claypool Publishers},
  year      = {2017}
}

@inproceedings{Garousi:2016,
 author = {Garousi, Vahid and Felderer, Michael and M\"{a}ntyl\"{a}, Mika V.},
 title = {The Need for Multivocal Literature Reviews in Software Engineering: Complementing Systematic Literature Reviews with Grey Literature},
 booktitle = {Proceedings of the 20th International Conference on Evaluation and Assessment in Software Engineering},
 series = {EASE '16},
 year = {2016},
 location = {Limerick, Ireland},
 pages = {26:1--26:6},
 articleno = {26},
 numpages = {6},
 url = {http://doi.acm.org/10.1145/2915970.2916008},
 doi = {10.1145/2915970.2916008},
 acmid = {2916008},
 publisher = {ACM},
 address = {New York, NY, USA},
 keywords = {MLR, SLR, empirical software engineering, grey literature, multivocal literature reviews, research methodology, systematic literature reviews},
} 

@book{Wohlin:2012,
 author = {Wohlin, Claes and Runeson, Per and Hst, Martin and Ohlsson, Magnus C. and Regnell, Bjrn and Wessln, Anders},
 title = {{Experimentation in Software Engineering}},
 year = {2012},
 publisher = {Springer Publishing Company, Incorporated},
}

@INPROCEEDINGS{Kontio:2004,
author={J. {Kontio} and L. {Lehtola} and J. {Bragge}},
booktitle={Proceedings. 2004 International Symposium on Empirical Software Engineering, 2004. ISESE '04.},
title={Using the focus group method in software engineering: obtaining practitioner and user experiences},
year={2004},
volume={},
number={},
pages={271-280},
keywords={software engineering;risk management;focus group method;software engineering;application practitioner experience;application user experience;cost-effective;qualitative research methods;risk management;requirement prioritization;group support systems;Software engineering;Feedback;Guidelines;Collaborative software;Information systems;Application software;Risk management;Usability;Current supplies;Costs},
doi={10.1109/ISESE.2004.1334914},
ISSN={},
month={Aug},}

@Inbook{Kontio:2008,
author="Kontio, Jyrki
and Bragge, Johanna
and Lehtola, Laura",
editor="Shull, Forrest
and Singer, Janice
and Sj{\o}berg, Dag I. K.",
title="The Focus Group Method as an Empirical Tool in Software Engineering",
bookTitle="Guide to Advanced Empirical Software Engineering",
year="2008",
publisher="Springer London",
address="London",
pages="93--116",
isbn="978-1-84800-044-5",
doi="10.1007/978-1-84800-044-5_4",
url="https://doi.org/10.1007/978-1-84800-044-5_4"
}

@book{Cook:1979,
 title = {{Quasi-Experimentation: Design and Analysis Issues for Field Settings}},
 author = {Cook, {Thomas D} and Campbell, {D T}},
 year = {1979},
 language = {English},
 publisher = {Houghton Mifflin},
}

@MISC{Dybka:2014,
    author = {Patrycja Dybka},
    title = {{ERD Notations in Data Modeling}},
    url={https://www.vertabelo.com/blog/technical-articles/comparison-of-erd-notations},
    year = {2014}
}

@book{Barker:1990,
  author    = {Richard Barker},
  title     = {{CASE} method - entity relationship modelling},
  series    = {Computer aided systems engineering},
  publisher = {Addison-Wesley},
  year      = {1990}
}

@book{Wazlawick:2017,
  title={{Metodologia de Pesquisa para Ci{\^e}ncia da Computa{\c{c}}{\~a}o}},
  author={Wazlawick, R.},
  year={2017},
  publisher={Elsevier Editora Ltda.}
}

@book{Prodanov:2013,
  title={{Metodologia do Trabalho Cient{\'\i}fico: M{\'e}todos e T{\'e}cnicas da Pesquisa e do Trabalho Acad{\^e}mico - 2{\textordfeminine} Edi{\c{c}}{\~a}o}},
  author={Cleber Cristiano Prodanov and Ernani Cesar de Freitas},
  year={2013},
  publisher={Editora Feevale}
}

@book{Kleppe:2003,
  title={MDA Explained: The Model Driven Architecture : Practice and Promise},
  author={Kleppe, A.G. and Warmer, J. and Warmer, J.B. and Bast, W.},
  lccn={2003043725},
  series={Object technology},
  year={2003},
  publisher = {Addison-Wesley Longman Publishing Co., Inc.},
  address = {Boston, MA, USA}
}

@phdthesis{Frantz:2012,
  author       = {Zancan Frantz, Rafael}, 
  title        = {Enterprise Application Integration: An Easy-to-Maintain Model-Driven Engineering Approach},
  school       = {Universidad de Sevilla. Departamento de Lenguajes y Sistemas Informáticos},
  year         = 2012,
  note         = {Doctoral Thesis}
}

@ARTICLE{Wachsmuth:2014, 
author={G. H. {Wachsmuth} and G. D. P. {Konat} and E. {Visser}}, 
journal={IEEE Software}, 
title={Language Design with the Spoofax Language Workbench}, 
year={2014}, 
volume={31}, 
number={5}, 
pages={35-43}, 
month={Sep.},
}

@techreport{XtextSirius:2017,
    author = {Obeo and TypeFox},
    title = {Xtext/Sirius - Integration The Main Use-Cases},
    month = Dec,   
    year = {2017},
    url = {https://www.obeodesigner.com/resource/white-paper/WhitePaper_XtextSirius_EN.pdf}
}

@book{Matthew:2005,
 author = {Matthew, Neil and Stones, Richard},
 title = {Beginning Databases With Postgresql: From Novice To Professional (Beginning from Novice to Professional)},
 year = {2005},
 isbn = {1590594789},
 publisher = {Apress},
 address = {Berkely, CA, USA},
} 

@book{Ramakrishnan:2002,
 author = {Ramakrishnan, Raghu and Gehrke, Johannes},
 title = {Database Management Systems},
 year = {2003},
 isbn = {0072465638, 9780072465631},
 edition = {3},
 publisher = {McGraw-Hill, Inc.},
 address = {New York, NY, USA},
} 

@article{Garousi:2019,
  author    = {{Garousi, V. and
               Felderer, M. and
               M{\"{a}}ntyl{\"{a}}}, M. V.},
  title     = {Guidelines for including grey literature and conducting multivocal literature reviews in software engineering},
  journal   = {Information {\&} Software Technology},
  volume    = {106},
  pages     = {101--121},
  year      = {2019},
  url       = {https://doi.org/10.1016/j.infsof.2018.09.006},
  doi       = {10.1016/j.infsof.2018.09.006},
  timestamp = {Wed, 26 Dec 2018 19:51:51 +0100},
  biburl    = {https://dblp.org/rec/bib/journals/infsof/GarousiFM19},
  bibsource = {dblp computer science bibliography, https://dblp.org}
}

@article{Codd:1970,
 author = {Codd, E. F.},
 title = {A Relational Model of Data for Large Shared Data Banks},
 journal = {Commun. ACM},
 issue_date = {June 1970},
 volume = {13},
 number = {6},
 month = jun,
 year = {1970},
 issn = {0001-0782},
 pages = {377--387},
 numpages = {11},
 acmid = {362685},
 publisher = {ACM},
 address = {New York, NY, USA},
 keywords = {composition, consistency, data bank, data base, data integrity, data organization, data structure, derivability, hierarchies of data, join, networks of data, predicate calculus, redundancy, relations, retrieval language, security},
} 


@MASTERSTHESIS{Ameller:2009,
  author = {David Ameller},
  title = {{Considering Non-Functional Requirements in Model-Driven Engineering}},
  school = {{Llenguatges i Sistemes Inform\`atics (LSI)}},
  year = {2009},
  month = {June},
  url = {http://upcommons.upc.edu/pfc/handle/2099.1/7192}
}

@MASTERSTHESIS {Faveri:2013,
    author = "Cristiano de Faveri",
    title  = "Uma Linguagem Específica de Domínio para Consulta em Código Orientado a Aspectos",
    school = "Universidade Federal de Santa Maria",
    year   = "2013",
    month  = "aug"
}

@INPROCEEDINGS {Salgado:1995,
    author    = "Ana Carolina Salgado and Claudia Bauzer Medeiros",
    title     = "Ensino de Banco de Dados",
    booktitle = "Anais do Workshop de Informática na Escola",
    year      = "1995"
}

@book{Elmasri:2011,
  title={Sistemas de Banco de Dados},
  author={Elmasri, R. and Navathe, S.B.},
  isbn={9788579360855},
  year={2011},
  publisher={PEARSON BRASIL}
}

@book{Date:1990,
  title={Relational database writings, 1985-1989},
  author={Date, C.J. and Warden, A.},
  number={v. 1},
  isbn={9780201508819},
  lccn={lc89017571},
  series={Relational database / C.J. Date},
  year={1990},
  publisher={Addison-Wesley}
}

@book{Silberschatz:1999,
  title={Sistema de bancos de dados},
  author={Silberschatz, A. and Korth, H.F. and Sudarshan, S.},
  isbn={9788534610735},
  year={1999},
  publisher={Makron Books}
}

@book{Krishna:1992,
  title={Introduction to Database and Knowledge-base Systems},
  author={Krishna, S.},
  isbn={9789810206192},
  lccn={lc92002759},
  series={Computer Science Series},
  year={1992},
  publisher={World Scientific}
}

@book{Jurafsky:2009,
 author = {Jurafsky, Daniel and Martin, James H.},
 title = {Speech and Language Processing (2Nd Edition)},
 year = {2009},
 isbn = {0131873210},
 publisher = {Prentice-Hall, Inc.},
 address = {Upper Saddle River, NJ, USA},
} 

@book{Linz:2016,
  title={An Introduction to Formal Languages and Automata},
  author = {Peter Linz},
  isbn={9781284077247},
  lccn={2015023479},
  series={G - Reference,Information and Interdisciplinary Subjects Series},
  url={https://books.google.com.br/books?id=pDaUCwAAQBAJ},
  year={2016},
  publisher={Jones \& Bartlett Learning}
}

@book{Edelweiss:2014,
  title={Algoritmos e Programa{\c{c}}{\~a}o com Exemplos em Pascal e C: S{\'e}rie Livros Did{\'a}ticos UFRGS - Volume 23},
  author={Edelweiss, N. and Livi, M.A.C.},
  isbn={9788582601907},
  series={23},
  url={https://books.google.com.br/books?id=nTOpAwAAQBAJ},
  year={2014},
  publisher={Bookman Editora}
}
